@phdthesis{1,
  author     = {王春琦},
  title      = {一个对象存储系统的设计与实现},
  school     = {兰州大学},
  date       = {2019},
}

@phdthesis{2,
  author     = {兰悦},
  title      = {分布式小对象存储系统元数据管理的设计与实现},
  school     = {电子科技大学},
  date       = {2021},
}

@phdthesis{3,
  author     = {王春},
  title      = {高性能分布式图片服务器研究与实现},
  school     = {上海交通大学},
  date       = {2015},
}

@article{4,
  author     = {吴国华},
  title      = {云存储技术在数字图书馆建设中的应用探讨},
  journal    = {龙岩学院学报},
  year       = {2011},
  volume     = {29},
  number     = {02},
  pages      = {130--133},
}

@phdthesis{5,
  author     = {吴晓斌},
  title      = {多读多写的小对象存储系统的设计与实现},
  school     = {电子科技大学},
  date       = {2021},
}

@article{6,
  author     = {范中磊 and 李小亮 and 惠小红},
  title      = {对象存储设备中对象的均匀分布方法},
  journal    = {微电子学与计算机},
  year       = {2019},
  volume     = {36},
  number     = {06},
  pages      = {70--73},
}

@phdthesis{7,
  author     = {谭支鹏},
  title      = {对象存储系统副本管理研究},
  school     = {华中科技大学},
  date       = {2008},
}

@proceedings{8,
  editor     = {Gibson and Garth, A},
  title      = {NASD scalable storage systems},
  publisher  = {Proceedings of the USENIX’99 Extreme Linux Workshop},
  year       = {1999},
}

@article{9,
  title={The Lustre storage architecture},
  author={Braam, Peter},
  journal={arXiv preprint arXiv:1903.01955},
  year={2019}
}

@proceedings{10,
  editor     = {Ghemawat, S and Gobioff, H and Leung, ST},
  title      = {The Google file system},
  publisher  = {Proceedings of the nineteenthACM symposium on Operating systems principles},
  pages      = {29--43},
  year       = {2003}
}

@proceedings{11,
  editor     = {Shvachko, K and Kuang, H and Radia, S},
  title      = {The hadoop distributed file system},
  booktitle  = {2010 IEEE 26th symposium on mass storage systems and technologies (MSST)},
  pages      = {1--10},
  organization={Ieee},
  year       = {2010}
}

@article{12,
  author     = {沈良好 and 吴庆波 and 杨沙洲},
  title      = {基于Ceph的分布式存储节能技术研究},
  journal    = {计算机工程},
  year       = {2015},
  volume     = {41},
  number     = {8},
  pages      = {13--17},
}

@phdthesis{13,
  author     = {田亚坤},
  title      = {基于对象存储中元数据管理方法的研究},
  school     = {哈尔滨工程大学},
  date       = {2010},
}

@phdthesis{14,
  author     = {蔺欣},
  title      = {一种分布式对象存储系统的设计与实现},
  school     = {北京工业大学},
  date       = {2017},
}

@article{15,
  author     = {赵洋},
  title      = {淘宝TFS深度剖析},
  journal    = {数字化用户},
  year       = {2013},
  volume     = {19},
  number     = {03},
  pages      = {58--59},
}

@phdthesis{16,
  author     = {李聪},
  title      = {HDFS元数据管理的高可用性优化技术研究},
  school     = {哈尔滨工业大学},
  date       = {2016},
}

@article{17,
  author     = {王锦涛 and 张海明},
  title      = {面向科研领域的分布式对象存储系统},
  journal    = {计算机系统应用},
  year       = {2020},
  volume     = {29},
  number     = {07},
  pages      = {82--88},
}

@article{18,
  author     = {宫永生 and 吕从民 and 曹素芝},
  title      = {面向航天应用的对象存储系统设计},
  journal    = {载人航天},
  year       = {2021},
  volume     = {27},
  number     = {01},
  pages      = {100--106},
}

@article{19,
  author     = {Liu, Xueqiao and Yang, Guomin and Mu, Yi and Deng, Robert H},
  title      = {Multi-user verifiable searchable symmetric encryption for cloud storage},
  journal    = {IEEE Transactions on Dependable and Secure Computing},
  year       = {2018},
  volume     = {17},
  number     = {06},
  pages      = {1322--1332},
}

@article{20,
  author     = {陈曦 and 朱建涛 and 何晓斌},
  title      = {一种面向高性能计算的分布式对象存储系统},
  journal    = {计算机工程},
  year       = {2017},
  volume     = {43},
  number     = {08},
  pages      = {69--73},
}

@phdthesis{21,
  author     = {张宇},
  title      = {基于对象存储的分布式小文件系统的研究与设计},
  school     = {清华大学},
  date       = {2012},
}

@article{22,
  author     = {杨飞 and 朱志祥 and 梁小江},
  title      = {基于Ceph对象存储集群的负载均衡设计与实现},
  journal    = {计算机系统应用},
  year       = {2016},
  volume     = {25},
  number     = {4},
  pages      = {268--271},
}

@article{23,
  author     = {Gibson, Garth A and Van Meter, Rodney},
  title      = {Network attached storage architecture},
  journal    = {Communications of the ACM},
  year       = {2000},
  volume     = {43},
  number     = {11},
  pages      = {37--45},
}

@article{24,
  author     = {Glider, Joseph S and Fuente, Carlos F and Scales, William J},
  title      = {The software architecture of a san storage control system},
  journal    = {IBM Systems Journal},
  year       = {2003},
  volume     = {42},
  number     = {2},
  pages      = {232--249},
}

@article{25,
  author     = {喻占武 and 郑胜 and 李忠民 and 胡滨},
  title      = {基于对象存储的海量空间数据存储与管理},
  journal    = {武汉大学学报信息科学版},
  year       = {2008},
  volume     = {35},
  number     = {5},
  pages      = {528--532},
}

@article{26,
  author     = {史强},
  title      = {GFS云存储技术可靠性简介},
  journal    = {福建电脑},
  year       = {2012},
  volume     = {28},
  number     = {1},
  pages      = {76--77},
}

@proceedings{27,
  editor     = {WeilSA and BrandtSA and MillerEL},
  title      = {Ceph: Ascalable, high-performance distributed file system},
  publisher  = {Proceedings of the 7th symposium on Operating systems design and implementation},
  year       = {2006},
  pages      = {307--320},
}

@proceedings{28,
  editor     = {Wu, Yihan and Huang, Gang},
  title      = {Model-based high availability configuration framework for cloud},
  publisher  = {Proceedings of the 2013 Middleware Doctoral Symposium},
  year       = {2013},
  pages      = {1--6},
}

@proceedings{29,
  editor     = {Weil, Sage A and Leung, Andrew W and Brandt, Scott A and Maltzahn, Carlos},
  title      = {Rados: a scalable, reliable storage service for petabyte-scale storage clusters},
  publisher  = {Proceedings of the 2nd international workshop on Petascale data storage: held in conjunction with Supercomputing'07},
  year       = {2007},
  pages      = {35--44},
}

@book{30,
  author     = {谢型果 and 严军},
  title      = {Ceph之RADOS设计原理与实现},
  address    = {北京},
  publisher  = {机械工业出版社},
  year       = {2019},
}

@proceedings{31,
  editor     = {Weil, Sage A and Brandt, Scott A and Miller, Ethan L and Maltzahn, Carlos},
  title      = {CRUSH: Controlled, scalable, decentralized placement of replicated data},
  publisher  = {Proceedings of the 2006 ACM/IEEE Conference on Supercomputing},
  year       = {2006},
  pages      = {31--31},
}

@book{32,
  author     = {谢型果，等},
  title      = {Ceph设计原理与实现},
  address    = {北京},
  publisher  = {机械工业出版社},
  year       = {2017},
}

@phdthesis{33,
  author     = {孙浩},
  title      = {一种分布式对象存储系统的设计与实现},
  school     = {北京邮电大学},
  date       = {2021},
}

@phdthesis{34,
  author     = {易宇声},
  title      = {数据中心环境下的磁盘故障分析与研究},
  school     = {华中科技大学},
  date       = {2020},
}

@article{35,
  author     = {张胜伟},
  title      = {云存储中副本冗余技术的研究},
  journal    = {无线互联科技},
  year       = {2012},
  number     = {09},
  pages      = {33--34},
}

@phdthesis{36,
  author     = {游鹏飞},
  title      = {分布式存储系统中基于纠删码的备份与修复技术研究},
  school     = {国防科学技术大学},
  date       = {2015},
}

@article{37,
  title={A method for obtaining digital signatures and public-key cryptosystems},
  author={Rivest, Ronald L and Shamir, Adi and Adleman, Leonard},
  journal={Communications of the ACM},
  volume={21},
  number={2},
  pages={120--126},
  year={1978},
}